% Bibliografía

% Este fichero contiene la bibliografía de la memoria
% Está en un formato que se conoce como BibTex.
% Hay muchos sitios web que exportan referencias en formato BibTeX. 
% Prueba a buscar en http://scholar.google.com por referencias
% y verás que lo puedes hacer de manera sencilla.
% Más información: 
% http://texblog.org/2014/04/22/using-google-scholar-to-download-bibtex-citations/

% Existen varias posibilidades para referenciar diferentes tipos de documentos,
% ya que los datos necesarios varían. Así, existen formatos de entrada para
%     * libros (book)
%     * artículos en revistas de investigación (article)
%     * capítulos de libro (incollection)
%     * informes técnicos (techreport)
%     * otros (misc)
%
% Las páginas web deberían ir como misc.

% Una última cosa: no referencias nunca la WikiPedia
% La WikiPedia, como buena enciclopedia, no es fuente primaria.
% Si acaso, busca por citas en la WikiPedia (que sí ha de referenciar fuentes
% primarias) y haz referencia a las mismas.


% He borrado las referencias que no se usan en la memoria. Estan en la copia en el escritorio.

%Desde aquí, referencias a artículos y libros sobre visualización de software

@Article{koschke2003software,
  author = {R. Koschke},
  title = {Software visualization in software maintenance, reverse engineering, and re-engineering: a research survey},
  journal = {Journal of Software Maintenance and Evolution: Research and Practice},
  volume = {15},
  number = {2},
  pages = {87--109},
  year = {2003}
}

@Article{ball1996software,
  author = {T. Ball and S. G. Eick},
  title = {Software visualization in the large},
  journal = {Computer},
  volume = {29},
  number = {4},
  pages = {33--43},
  year = {1996},
  note = {\url{https://doi.org/10.1109/2.488299}}
}

@Article{meyer2008seven,
  author = {B. Meyer},
  title = {Seven principles of software testing},
  journal = {Computer},
  volume = {41},
  number = {8},
  pages = {99--101},
  year = {2008}
}

@Article{demiralp2006cave,
  author = {C. Demiralp and others},
  title = {Cave and fishtank virtual-reality displays: A qualitative and quantitative comparison},
  journal = {IEEE Transactions on Visualization and Computer Graphics},
  volume = {12},
  pages = {323--330},
  year = {2006}
}

@Article{batch2019there,
  author = {A. Batch and others},
  title = {There is no spoon: Evaluating performance, space use, and presence with expert domain users in immersive analytics},
  journal = {IEEE Transactions on Visualization and Computer Graphics},
  volume = {26},
  number = {1},
  pages = {536--546},
  year = {2019}
}

@InProceedings{wettel2007visualizing,
  author = {R. Wettel and M. Lanza},
  title = {Visualizing software systems as cities},
  booktitle = {IEEE International Workshop on Visualizing Software for Understanding and Analysis},
  year = {2007},
  pages = {92--99}
}

@InProceedings{fittkau2015exploring,
  author = {F. Fittkau and A. Krause and W. Hasselbring},
  title = {Exploring software cities in virtual reality},
  booktitle = {IEEE Working Conference on Software Visualization (VISSOFT)},
  year = {2015},
  pages = {130--134}
}

@InProceedings{moreno2024enhancing,
  author = {D. Moreno-Lumbreras},
  title = {Enhancing HTML Structure Comprehension: Real-Time 3D/XR Visualization of the DOM},
  booktitle = {2024 IEEE Working Conference on Software Visualization (VISSOFT)},
  year = {2024},
  pages = {127--132},
  note = {\url{https://doi.ieeecomputersociety.org/10.1109/VISSOFT64034.2024.00025}}
}

@InProceedings{moreno2022babiaxr,
  author = {D. Moreno-Lumbreras and J. M. Gonzalez-Barahona and A. Villaverde},
  title = {BabiaXR: Virtual reality software data visualizations for the web},
  booktitle = {2022 IEEE Conference on Virtual Reality and 3D User Interfaces Workshops (VRW)},
  year = {2022},
  pages = {71--74}
}

@misc{lizard,
  author = {Tian, Tian},
  title = {Lizard - An extensible Cyclomatic Complexity Analyzer for many programming languages},
  year = {2024},
  howpublished = {\url{https://github.com/terryyin/lizard}},
  note = {Accedido el 3 de agosto de 2025}
}

@misc{montes2025web,
  author = {Adrián Montes Linares},
  title = {Oficial website of Code-XR},
  year = {2025},
  howpublished = {\url{https://amontesl.github.io/code-xr-docs/}},
  note = {Accedido el 3 de agosto de 2025}
}

@misc{vscode-api,
  title = {Visual Studio Code API},
  author = {{Microsoft}},
  year = {2024},
  note = {Disponible en \url{https://code.visualstudio.com/api}},
  howpublished = {\url{https://code.visualstudio.com/api}},
}

@misc{aframe,
  title = {A-Frame: A web framework for building virtual reality experiences},
  author = {{Mozilla}},
  year = {2024},
  howpublished = {\url{https://aframe.io/}},
  note = {Accedido el 3 de agosto de 2025}
}

@misc{webxr,
  title = {WebXR Device API},
  author = {{W3C}},
  year = {2024},
  howpublished = {\url{https://www.w3.org/TR/webxr/}},
  note = {Accedido el 3 de agosto de 2025}
}

@misc{threejs,
  title = {Three.js: JavaScript 3D Library},
  author = {Cabello, Ricardo y colaboradores},
  year = {2024},
  howpublished = {\url{https://threejs.org/}},
  note = {Accedido el 3 de agosto de 2025}
}

@misc{html,
  title = {HTML Living Standard},
  author = {{WHATWG}},
  year = {2024},
  howpublished = {\url{https://html.spec.whatwg.org/}},
  note = {Accedido el 3 de agosto de 2025}
}

@misc{typescript,
  title = {TypeScript: JavaScript With Syntax For Types.},
  author = {{Microsoft}},
  year = {2024},
  howpublished = {\url{https://www.typescriptlang.org/}},
  note = {Accedido el 3 de agosto de 2025}
}

@misc{javascript,
  title = {JavaScript | MDN Web Docs},
  author = {{Mozilla Developer Network}},
  year = {2024},
  howpublished = {\url{https://developer.mozilla.org/docs/Web/JavaScript}},
  note = {Accedido el 3 de agosto de 2025}
}

@misc{css,
  title = {CSS: Cascading Style Sheets},
  author = {{W3C}},
  year = {2024},
  howpublished = {\url{https://www.w3.org/Style/CSS/}},
  note = {Accedido el 3 de agosto de 2025}
}

@misc{python,
  title = {Python Programming Language},
  author = {{Python Software Foundation}},
  year = {2024},
  howpublished = {\url{https://www.python.org/}},
  note = {Accedido el 3 de agosto de 2025}
}

@misc{metaquest3,
  title = {Meta Quest 3},
  author = {{Meta Platforms, Inc.}},
  year = {2024},
  howpublished = {\url{https://www.meta.com/quest/quest-3/}},
  note = {Accedido el 3 de agosto de 2025}
}

@misc{chatgpt,
  title = {ChatGPT},
  author = {{OpenAI}},
  year = {2024},
  howpublished = {\url{https://chat.openai.com/}},
  note = {Accedido el 3 de agosto de 2025}
}

@misc{claude4,
  title = {Claude 4},
  author = {{Anthropic}},
  year = {2024},
  howpublished = {\url{https://claude.ai/}},
  note = {Accedido el 3 de agosto de 2025}
}